<?xml version="1.0" encoding="UTF-8"?><collection xmlns="http://www.loc.gov/MARC21/slim"><record><leader>00619nam--2200205-i-4500</leader><controlfield tag="001">000012019</controlfield><controlfield tag="002">20161230</controlfield><controlfield tag="005">20161230201029</controlfield><controlfield tag="008">060222s1000------------r-----000-0-fre-d</controlfield><datafield ind1=" " ind2=" " tag="040"><subfield code="a">IFIN-HH</subfield></datafield><datafield ind1=" " ind2=" " tag="041"><subfield code="a">fre</subfield></datafield><datafield ind1=" " ind2=" " tag="080"><subfield code="a">514.11(021)</subfield></datafield><datafield ind1="1" ind2=" " tag="100"><subfield code="a">Rouche, Eugene</subfield></datafield><datafield ind1="1" ind2="0" tag="245"><subfield code="a">Traite de geometrie. geometrie dans l`espace. (deuxieme partie) geometri dans l'espace</subfield><subfield code="c">Eugene rouche, ch. de comberousse</subfield></datafield><datafield ind1=" " ind2=" " tag="250"><subfield code="a">Septieme Edition, Revue Et Augmentee</subfield></datafield><datafield ind1=" " ind2=" " tag="260"><subfield code="a">Paris</subfield><subfield code="b">Gauthier-villars</subfield><subfield code="c">1900</subfield></datafield><datafield ind1=" " ind2=" " tag="300"><subfield code="a">XLII + 678 P</subfield></datafield><datafield ind1="1" ind2=" " tag="700"><subfield code="a">Comberousse, Ch. De</subfield></datafield><datafield ind1=" " ind2=" " tag="852"><subfield code="a">44476</subfield><subfield code="c">H.H</subfield></datafield><datafield ind1=" " ind2=" " tag="CAT"><subfield code="a">Sys</subfield><subfield code="c">20130409</subfield><subfield code="h">114806</subfield></datafield></record></collection>